<record xmlns="http://www.loc.gov/MARC21/slim" xmlns:xsi="http://www.w3.org/2001/XMLSchema-instance" xsi:schemaLocation="http://www.loc.gov/MARC21/slim http://www.loc.gov/standards/marcxml/schema/MARC21slim.xsd"><leader>00649cz   2200193n  4500</leader><controlfield tag="001">oca00947122 </controlfield><controlfield tag="005">20000513065522.0</controlfield><controlfield tag="008">830524n| acannaabn          |a aaa      </controlfield><datafield ind1=" " ind2=" " tag="010"><subfield code="a">n  83063496 </subfield></datafield><datafield ind1=" " ind2=" " tag="040"><subfield code="a">DLC</subfield><subfield code="b">eng</subfield><subfield code="c">DLC</subfield><subfield code="d">OCoLC</subfield></datafield><datafield ind1="1" ind2=" " tag="100"><subfield code="a">Varius Rufus, Lucius.</subfield></datafield><datafield ind1="1" ind2=" " tag="400"><subfield code="a">Rufus, Lucius Varius</subfield></datafield><datafield ind1="0" ind2=" " tag="400"><subfield code="a">Lucius Varius Rufus</subfield></datafield><datafield ind1="1" ind2=" " tag="400"><subfield code="a">Varius Rufus, L.</subfield><subfield code="q">(Lucius)</subfield></datafield><datafield ind1=" " ind2=" " tag="670"><subfield code="a">Lefevre, E. Der Thyestes ... 1976.</subfield></datafield><datafield ind1=" " ind2=" " tag="670"><subfield code="a">Wimmel, W. Der tragische Dichter L. Varius Rufus, c1981:</subfield><subfield code="b">t.p. (L. Varius Rufus)</subfield></datafield><datafield ind1=" " ind2=" " tag="670"><subfield code="a">Brockhaus Enz.</subfield><subfield code="b">(Varius Rufus, Lucius)</subfield></datafield><datafield ind1=" " ind2=" " tag="675"><subfield code="a">Collier's;</subfield><subfield code="a">Americana;</subfield><subfield code="a">Britannica.</subfield></datafield><datafield ind1=" " ind2=" " tag="678"><subfield code="a">b. date and d. date unk.</subfield></datafield></record>